@article{day2018data,
  title={Data-Driven Ranking of Coordinated Traffic Signal Systems for Maintenance and Retiming},
  author={Day, Christopher M and Li, Howell and Sturdevant, James R and Bullock, Darcy M},
  journal={Transportation Research Record},
  volume={2672},
  number={18},
  pages={167--178},
  year={2018},
  publisher={SAGE Publications Sage CA: Los Angeles, CA}
}

@techreport{day2014performance,
  title={Performance measures for traffic signal systems: An outcome-oriented approach},
  author={Day, Christopher M and Bullock, Darcy M and Li, Howell and Remias, Stephen M and Hainen, Alexander M and Freije, Richard S and Stevens, Amanda L and Sturdevant, James R and Brennan, Thomas M},
  year={2014}
}